% Design Patterns
@book{gamma_94_01,
    author = {Gamma, Erich and Helm, Richard and Johnson, Ralph and Vlissides, John M.},
    isbn = {0201633612},
    publisher = {Addison-Wesley Professional},
    title = {Design Patterns: Elements of Reusable Object-Oriented Software},
    url = {http://www.amazon.com/Design-Patterns-Elements-Reusable-Object-Oriented/dp/0201633612/ref=ntt_at_ep_dpi_1},
    year = 1994
}